<?xml version="1.0" encoding="UTF-8"?><record xmlns="http://www.loc.gov/MARC21/slim" xmlns:cinclude="http://apache.org/cocoon/include/1.0" xmlns:zs="http://www.loc.gov/zing/srw/">
  <leader>00504nz  a2200133n  4500</leader>
  <controlfield tag="001">n 2009002717</controlfield>
  <controlfield tag="003">DLC</controlfield>
  <controlfield tag="005">20090115082022.0</controlfield>
  <controlfield tag="008">090114n| acannaabn          |n aaa      </controlfield>
  <datafield tag="010" ind1=" " ind2=" ">
    <subfield code="a">n 2009002717</subfield>
  </datafield>
  <datafield tag="040" ind1=" " ind2=" ">
    <subfield code="a">DLC</subfield>
    <subfield code="b">eng</subfield>
    <subfield code="c">DLC</subfield>
  </datafield>
  <datafield tag="100" ind1="1" ind2=" ">
    <subfield code="a">Chilnick, Jeremy</subfield>
  </datafield>
  <datafield tag="670" ind1=" " ind2=" ">
    <subfield code="a">Where in the world is Osama bin Laden? (Motion picture). Where in the world is Osama bin Laden? 2008</subfield>
    <subfield code="b">(Jeremy Chilnick, producer, writer; film not viewed)</subfield>
  </datafield>
  <datafield tag="670" ind1=" " ind2=" ">
    <subfield code="a">Internet movie database, Jan. 14, 2009</subfield>
    <subfield code="b">(Jeremy Chilnick, producer, writer)</subfield>
  </datafield>
</record>